<?xml version = "1.0" encoding = "UTF-8"?><OAI-PMH xmlns="http://www.openarchives.org/OAI/2.0/" xmlns:xsi="http://www.w3.org/2001/XMLSchema-instance" xsi:schemaLocation="http://www.openarchives.org/OAI/2.0/ http://www.openarchives.org/OAI/2.0/OAI-PMH.xsd"><ListRecords><record><header><identifier>aleph-publish:022824325</identifier></header><metadata><record xmlns="http://www.ddb.de/professionell/mabxml/mabxml-1.xsd"><leader>------M2.01200024------h</leader><controlfield tag="LDR">------M2.01200024------h</controlfield><controlfield tag="FMT">MH</controlfield><datafield tag="001" ind1="-" ind2="1"><subfield code="a">HT020015895</subfield></datafield><datafield tag="002" ind1="a" ind2="1"><subfield code="a">20190328</subfield></datafield><datafield tag="003" ind1="-" ind2="1"><subfield code="a">20190529</subfield></datafield><datafield tag="026" ind1="-" ind2="1"><subfield code="a">HBZHT020015895</subfield></datafield><controlfield tag="030">a|zur||||||17</controlfield><datafield tag="036" ind1="a" ind2="1"><subfield code="a">DE</subfield></datafield><datafield tag="037" ind1="b" ind2="1"><subfield code="a">ger</subfield></datafield><controlfield tag="050">a|||||||||||||</controlfield><controlfield tag="051">m|||||||</controlfield><datafield tag="060" ind1="-" ind2="1"><subfield code="b">txt</subfield><subfield code="a">Text</subfield></datafield><datafield tag="061" ind1="-" ind2="1"><subfield code="b">n</subfield><subfield code="a">ohne Hilfsmittel zu benutzen</subfield></datafield><datafield tag="062" ind1="-" ind2="1"><subfield code="b">nc</subfield><subfield code="a">Band</subfield></datafield><datafield tag="064" ind1="a" ind2="1"><subfield code="a">Führer</subfield><subfield code="9">(DE-588)4155569-7</subfield></datafield><datafield tag="070" ind1="-" ind2="1"><subfield code="a">38</subfield></datafield><datafield tag="070" ind1="b" ind2="1"><subfield code="a">61</subfield></datafield><datafield tag="078" ind1="n" ind2="1"><subfield code="a">NWBib-61</subfield></datafield><datafield tag="080" ind1="-" ind2="1"><subfield code="a">60</subfield></datafield><datafield tag="100" ind1="-" ind2="1"><subfield code="p">Loga, Sven &lt;&lt;von&gt;&gt;</subfield><subfield code="9">(DE-588)111610153X</subfield></datafield><datafield tag="101" ind1="-" ind2="1"><subfield code="p">Von Loga, Sven</subfield></datafield><datafield tag="331" ind1="-" ind2="1"><subfield code="a">Siebengebirge und Drachenfelser Ländchen</subfield></datafield><datafield tag="359" ind1="-" ind2="1"><subfield code="a">Sven von Loga</subfield></datafield><datafield tag="403" ind1="-" ind2="1"><subfield code="a">1. Auflage</subfield></datafield><datafield tag="419" ind1="-" ind2="1"><subfield code="a">Meßkirch</subfield><subfield code="b">Gmeiner Verlag</subfield><subfield code="c">[2019]</subfield></datafield><datafield tag="425" ind1="a" ind2="1"><subfield code="a">2019</subfield></datafield><datafield tag="433" ind1="-" ind2="1"><subfield code="a">191 Seiten</subfield></datafield><datafield tag="434" ind1="-" ind2="1"><subfield code="a">Illustrationen, Karte</subfield></datafield><datafield tag="451" ind1="-" ind2="1"><subfield code="a">Lieblingsplätze zum Entdecken</subfield></datafield><datafield tag="461" ind1="-" ind2="1"><subfield code="a">Gmeiner Kultur</subfield></datafield><datafield tag="540" ind1="a" ind2="1"><subfield code="a">978-3-8392-2427-4</subfield><subfield code="b">pbk.</subfield></datafield><datafield tag="655" ind1="e" ind2="1"><subfield code="m">B:DE-101</subfield><subfield code="q">application/pdf</subfield><subfield code="u">http://digitale-objekte.hbz-nrw.de/storage2/2019/04/25/file_21/8364580.pdf</subfield><subfield code="3">Inhaltsverzeichnis</subfield><subfield code="A">2</subfield></datafield><datafield tag="700" ind1="n" ind2="1"><subfield code="a">Rheinland</subfield><subfield code="0">https://nwbib.de/spatial#N03</subfield></datafield><datafield tag="700" ind1="n" ind2="1"><subfield code="a">Siebengebirge</subfield><subfield code="0">https://nwbib.de/spatial#N23</subfield></datafield><datafield tag="700" ind1="n" ind2="1"><subfield code="a">Reise-, Stadt- und Wanderführer</subfield><subfield code="0">https://nwbib.de/subjects#N102070</subfield></datafield><datafield tag="902" ind1="-" ind2="1"><subfield code="g">Siebengebirge</subfield><subfield code="9">(DE-588)4054837-5</subfield></datafield><controlfield tag="SYS">022824325</controlfield><datafield tag="LOW" ind1="-" ind2="1"><subfield code="a">K0001</subfield></datafield><datafield tag="088" ind1=" " ind2=" "><subfield code="a">38</subfield><subfield code="b">00000001</subfield><subfield code="c">44A9698</subfield><subfield code="e">ILL Ausleihe</subfield></datafield></record></metadata></record></ListRecords></OAI-PMH>